<?xml version="1.0" encoding="UTF-8"?><record xmlns="http://www.loc.gov/MARC21/slim" xmlns:cinclude="http://apache.org/cocoon/include/1.0" xmlns:zs="http://www.loc.gov/zing/srw/">
  <leader>00462cz  a2200121n  4500</leader>
  <controlfield tag="001">n  88169095 </controlfield>
  <controlfield tag="003">DLC</controlfield>
  <controlfield tag="005">19891013055735.6</controlfield>
  <controlfield tag="008">890823n| acannaab|          |n ana ||| b</controlfield>
  <datafield tag="010" ind1=" " ind2=" ">
    <subfield code="a">n  88169095 </subfield>
  </datafield>
  <datafield tag="040" ind1=" " ind2=" ">
    <subfield code="a">DNLM</subfield>
    <subfield code="c">DLC</subfield>
  </datafield>
  <datafield tag="110" ind1="2" ind2="0">
    <subfield code="a">College of Medical Evangelists (Los Angeles, Calif.).</subfield>
    <subfield code="b">Section of Surgery Stomatology</subfield>
  </datafield>
  <datafield tag="670" ind1=" " ind2=" ">
    <subfield code="a">Unilateral hypertrophy of the mandibular condyle [MP] 19--?:</subfield>
    <subfield code="b">credit frame (College of Medical Evangelists, Section of Surgery Stomatology)</subfield>
  </datafield>
</record>